ISA*00*          *00*          *ZZ*SENDER         *ZZ*RECEIVER       *240101*1200*^*00501*000000123*0*P*:~
GS*HP*PAYERAPP*PROVAPP*20240115*1200*1*X*005010X221A1~
ST*835*0001~
BPR*I*1500*C*ACH~
TRN*1*TRACE0001*1512345678~
NM1*PR*2*ACME HEALTH PLAN*****PI*PAYER001~
NM1*PE*2*WELLNESS CLINIC LLC*****XX*1999999999~
CLP*PCN1001*1*500*400*100*MC*CCN0001*11~
CAS*CO*45*100~
SVC*HC:99213*200*160**1~
DTM*232*20240110~
CLP*PCN1002*4*1000*0*0*MC*CCN0002*11~
SE*11*0001~
GE*1*1~
IEA*1*000000123~
