ISA*00*          *00*          *ZZ*SENDER         *ZZ*RECEIVER       *240101*1200*^*00501*000000900*0*P*:~
GS*HC*S*R*20240101*1200*10*X*005010X222A1~
ST*837*0001~
CLM*ACCTA*100~
SE*3*0001~
ST*837*0002~
CLM*ACCTB*200~
SE*3*0002~
GE*2*10~
GS*HP*S*R*20240101*1200*11*X*005010X221A1~
ST*835*0001~
BPR*I*300*C*ACH~
CLP*PCNZ*1*300*250*50*MC*CCNZ*11~
SE*4*0001~
GE*1*11~
IEA*2*000000900~
